@article{10.2307/2321643,
	ISSN = {00029890, 19300972},
	URL = {http://www.jstor.org/stable/2321643},
	author = {Aviezri S. Fraenkel},
	journal = {The American Mathematical Monthly},
	number = {6},
	pages = {353--361},
	publisher = {Mathematical Association of America},
	title = {How to Beat Your Wythoff Games' Opponent on Three Fronts},
	volume = {89},
	year = {1982}
}

@article{larsson2010restrictions,
	title={Restrictions of m-Wythoff Nim and p-complementary Beatty sequences},
	author={Larsson, Urban},
	journal={Games of no Chance},
	volume={4},
	pages={137--160},
	year={2010}
}

@article{wythoff1907modification,
	title={A modification of the game of Nim},
	author={Wythoff, Willem A},
	journal={Nieuw Arch. Wisk},
	volume={7},
	number={2},
	pages={199--202},
	year={1907}
}

@book{Yaglom,
	author = {Yaglom, A. M. and Yaglom, I. M.},
	title = {Challenging Mathematical Problems with Elementary Solutions},
	year = {1967},
	publisher = {Holden-Day},
	address = {USA}	
}

@book{ho2011combinatorial,
	title={Combinatorial Aspects of Variants of the Game of Nim},
	author={Ho, N.B.},
	year={2011},
	publisher={La Trobe University}
}

@article{carls_buton,
	ISSN = {0003486X},
	URL = {http://www.jstor.org/stable/1967631},
	author = {Charles L. Bouton},
	journal = {Annals of Mathematics},
	number = {1/4},
	pages = {35--39},
	publisher = {Annals of Mathematics},
	title = {Nim, A Game with a Complete Mathematical Theory},
	volume = {3},
	year = {1901}
}